@article{vitucci:openingmind,
    author = {Francesco Vitucci and Giuseppe Silvi and Daniele Giuseppe Annese and Francesco Scagliola and Anthony {Di Furia}},
    title = {Opening mind by opening architecture: analysis strategies},
    journal = {7th International Csound Conference Proceedings},
    year = {2024},
    pages = {},
    note = {preprint}
}

@article{annese:archeotopologie,
    author = {Daniele Giuseppe Annese and Francesco Vitucci and Anthony {Di Furia} and Francesco Scagliola and Giuseppe Silvi},
    title = {Archeotopologie: implementazione critica di memorie senza colore},
    journal = {Atti del XXIV Colloquio di Informatica Musicale},
    year = {2024},
    pages = {16-23},
    publisher = {DADI - Dip. Arti e Design Industriale. Università IUAV di Venezia},
    url = {https://cim.lim.di.unimi.it/2024_CIM_XXIV_Atti.pdf},
    isbn = {9788890341373},
    issn = {2611-7355}
}

@article{vitucci:exchordisihm,
    author = {Francesco Vitucci and Giuseppe Silvi and Francesco Abbrescia and Anthony Di Furia and Francesco Scagliola},
    title = {In Human Memories. Tecnica, creatività e autodeterminazione: una proposta etica},
    journal = {Ex Chordis},
    volume = {III},
    year = {2024},
    publisher = {Milano University Press},
    pages = {15-38},
    issn = {3034-8781},
    note = {preprint}
}

@book{floridi:2017,
  author = {L. Floridi},
  title = {La quarta rivoluzione: come l'infosfera sta trasformando il mondo},
  publisher = {Raffaello Cortina Editore},
  OPTlocation = {Milano},
  year = {2017}
}

@book{ads:circuiti,
    author    = {Di Scipio, Agostino},
    title     = {Circuiti del Tempo},
    subtitle  = {Un percorso storico-critico nella creatività musicale elettroacustica e informatica},
    publisher = {Libreria Musicale Italiana srl},
    year      = {2021},
    location  = {Lucca, IT},
    pages     = 560
}